<record><leader>00000cas a22000007a 4500</leader><controlfield tag="001">14786064</controlfield><controlfield tag="008">861120d19641965wiuwr ne      0    0eng d</controlfield><datafield ind1=" " ind2=" " tag="010"><subfield code="a">sn 86086798 </subfield></datafield><datafield ind1=" " ind2=" " tag="040"><subfield code="a">NPV</subfield><subfield code="b">eng</subfield><subfield code="c">NPV</subfield><subfield code="d">OCLCQ</subfield></datafield><datafield ind1=" " ind2=" " tag="042"><subfield code="a">msc</subfield></datafield><datafield ind1="0" ind2=" " tag="130"><subfield code="a">Hub (Hales Corners, Wis. : 1965)</subfield></datafield><datafield ind1="1" ind2="4" tag="245"><subfield code="a">The hub.</subfield></datafield><datafield ind1=" " ind2=" " tag="260"><subfield code="a">Hales Corners, Wis. :</subfield><subfield code="b">Comiskey &amp; Dunham,</subfield><subfield code="c">1964-1965.</subfield></datafield><datafield ind1=" " ind2=" " tag="300"><subfield code="a">v.</subfield></datafield><datafield ind1=" " ind2=" " tag="310"><subfield code="a">Weekly</subfield></datafield><datafield ind1="0" ind2=" " tag="362"><subfield code="a">No. 124 (Dec. 31, 1964)-no. 163 (Sept. 30, 1965).</subfield></datafield><datafield ind1=" " ind2=" " tag="752"><subfield code="a">United States</subfield><subfield code="b">Wisconsin</subfield><subfield code="c">Milwaukee</subfield><subfield code="d">Hales Corners.</subfield></datafield><datafield ind1=" " ind2=" " tag="752"><subfield code="a">United States</subfield><subfield code="b">Wisconsin</subfield><subfield code="c">Milwaukee</subfield><subfield code="d">Franklin.</subfield></datafield><datafield ind1=" " ind2=" " tag="752"><subfield code="a">United States</subfield><subfield code="b">Wisconsin</subfield><subfield code="c">Waukesha</subfield><subfield code="d">Muskego.</subfield></datafield><datafield ind1="0" ind2="0" tag="780"><subfield code="t">Hub of Hales Corners &amp; Muskego</subfield><subfield code="w">(DLC)sn 86086797</subfield></datafield><datafield ind1="0" ind2="6" tag="785"><subfield code="t">Hub (Hales Corners, Wis. : 1965 : Muskego ed.)</subfield><subfield code="w">(DLC)sn 86086799</subfield></datafield><datafield ind1="0" ind2="6" tag="785"><subfield code="t">Hub (Hales Corners, Wis. : 1965 : Hales Corners ed.)</subfield></datafield></record>